@article{osqp,
  author  = {Stellato, Bartolomeo and Banjac, Goran and Goulart, Paul and Bemporad, Alberto and Boyd, Stephen},
  title   = {{{OSQP}}: An Operator Splitting Solver for Quadratic Programs},
  journal = {Mathematical Programming Computation},
  year    = {2020},
  doi     = {10.1007/s12532-020-00179-2},
  url     = {https://doi.org/10.1007/s12532-020-00179-2}
}
@article{cuosqp,
  author  = {Schubiger, M. and Banjac, G. and Lygeros, J.},
  title   = {{GPU} acceleration of {ADMM} for large-scale quadratic programming},
  journal = {arXiv:1912.04263},
  year    = {2019},
}
@book{stat,
  added-at = {2008-05-16T16:17:42.000+0200},
  address = {New York, NY, USA},
  author = {Hastie, Trevor and Tibshirani, Robert and Friedman, Jerome},
  biburl = {https://www.bibsonomy.org/bibtex/2f58afc5c9793fcc8ad8389824e57984c/sb3000},
  interhash = {d585aea274f2b9b228fc1629bc273644},
  intrahash = {f58afc5c9793fcc8ad8389824e57984c},
  keywords = {ml statistics},
  publisher = {Springer New York Inc.},
  series = {Springer Series in Statistics},
  timestamp = {2008-05-16T16:17:43.000+0200},
  title = {The Elements of Statistical Learning},
  year = 2001
}

